@misc{teste,
	author={Fulano},
	title={Teste de citação},
	year={2025},
	url={https://github.com/AlxDev-hub/Template-SIMOT},
	urlaccessdate={18/02/2025}
}